<record><leader>00000cas a22000007a 4500</leader><controlfield tag="001">2254308</controlfield><controlfield tag="008">760620d19741979mnuer ne      0    0eng d</controlfield><datafield ind1=" " ind2=" " tag="010"><subfield code="a">sn 90060377 </subfield></datafield><datafield ind1=" " ind2=" " tag="040"><subfield code="a">MUL</subfield><subfield code="b">eng</subfield><subfield code="c">MUL</subfield><subfield code="d">MN#</subfield><subfield code="d">OCLCQ</subfield></datafield><datafield ind1=" " ind2=" " tag="042"><subfield code="a">msc</subfield></datafield><datafield ind1=" " ind2=" " tag="043"><subfield code="a">n-us-mn</subfield></datafield><datafield ind1=" " ind2=" " tag="052"><subfield code="a">4144</subfield><subfield code="b">M5:2S5</subfield></datafield><datafield ind1="0" ind2="4" tag="245"><subfield code="a">The Southside newspaper.</subfield></datafield><datafield ind1=" " ind2=" " tag="260"><subfield code="a">Minneapolis, Minn. :</subfield><subfield code="b">Southside Newspaper,</subfield><subfield code="c">-1979.</subfield></datafield><datafield ind1=" " ind2=" " tag="300"><subfield code="a">v.</subfield></datafield><datafield ind1=" " ind2=" " tag="310"><subfield code="a">Biweekly,</subfield><subfield code="b">Oct. 8, 1975-Sept. 5, 1979</subfield></datafield><datafield ind1=" " ind2=" " tag="321"><subfield code="a">Weekly,</subfield><subfield code="b">Jan. 22, 1975-Apr. 30, 1975</subfield></datafield><datafield ind1="1" ind2=" " tag="362"><subfield code="a">Began in Dec. 1974.</subfield></datafield><datafield ind1="0" ind2=" " tag="362"><subfield code="a">-v. 5, no. 17 (Sept. 5, 1979).</subfield></datafield><datafield ind1=" " ind2=" " tag="515"><subfield code="a">Suspended publication with issue for Mar. 19, 1975; published issue for Apr. 30, 1975; resumed regular publication with issue for Oct. 8, 1975.</subfield></datafield><datafield ind1=" " ind2=" " tag="530"><subfield code="a">Available on microfilm from the Minnesota Historical Society.</subfield></datafield><datafield ind1=" " ind2=" " tag="588"><subfield code="a">Description based on: Vol. 1, no. 5 (Jan. 22, 1975).</subfield></datafield><datafield ind1=" " ind2=" " tag="752"><subfield code="a">United States</subfield><subfield code="b">Minnesota</subfield><subfield code="c">Hennepin</subfield><subfield code="d">Minneapolis.</subfield></datafield><datafield ind1="0" ind2="0" tag="780"><subfield code="t">Paper (Minneapolis, Minn. : 1971)</subfield><subfield code="w">(DLC)sn 90060206</subfield></datafield><datafield ind1="0" ind2="0" tag="785"><subfield code="t">Community times Southside news</subfield><subfield code="w">(DLC)sn 90060378</subfield></datafield></record>